[gd_scene load_steps=14 format=2]

[ext_resource path="res://plugins/minigames/hurdle/hurdle_game.gd" type="Script" id=1]
[ext_resource path="res://plugins/minigames/hurdle/green_point_park_2k.hdr" type="Texture" id=2]
[ext_resource path="res://assets/fonts/title_font.tres" type="DynamicFont" id=3]
[ext_resource path="res://plugins/minigames/hurdle/player_hurdle.tscn" type="PackedScene" id=4]
[ext_resource path="res://plugins/minigames/hurdle/ground/ground_model.escn" type="PackedScene" id=5]
[ext_resource path="res://plugins/minigames/hurdle/ground/ground.shader" type="Shader" id=6]
[ext_resource path="res://plugins/minigames/hurdle/ground/asphalt_col.jpg" type="Texture" id=7]
[ext_resource path="res://plugins/minigames/hurdle/ground/asphalt_nrm.jpg" type="Texture" id=8]
[ext_resource path="res://plugins/minigames/hurdle/ground/asphalt_rgh.jpg" type="Texture" id=9]

[sub_resource type="PanoramaSky" id=1]
panorama = ExtResource( 2 )

[sub_resource type="Environment" id=2]
background_mode = 2
background_sky = SubResource( 1 )

[sub_resource type="BoxShape" id=3]
extents = Vector3( 2, 1, 10 )

[sub_resource type="ShaderMaterial" id=4]
shader = ExtResource( 6 )
shader_param/albedo = Color( 1, 1, 1, 1 )
shader_param/metallic = 0.04
shader_param/metallic_texture_channel = Plane( 0.333333, 0.333333, 0.333333, 0 )
shader_param/roughness = 1.0
shader_param/roughness_texture_channel = Plane( 0.333333, 0.333333, 0.333333, 0 )
shader_param/specular = 0.5
shader_param/normal_scale = 1.0
shader_param/uv_scale = Vector3( 2, 0.5, 1 )
shader_param/speed = 0.2
shader_param/delta_time = 0.0
shader_param/texture_albedo = ExtResource( 7 )
shader_param/texture_roughness = ExtResource( 9 )
shader_param/texture_normal = ExtResource( 8 )

[node name="Root" type="Spatial"]
script = ExtResource( 1 )

[node name="Environment" type="WorldEnvironment" parent="."]
environment = SubResource( 2 )

[node name="Camera" type="Camera" parent="Environment"]
transform = Transform( -4.37114e-08, 0.499999, -0.866025, 0, 0.866024, 0.5, 0.999999, 2.18557e-08, -3.78552e-08, -3.4, 3, 4.4 )

[node name="Screen" type="Control" parent="Environment"]
anchor_right = 1.0
anchor_bottom = 1.0

[node name="Message" type="Label" parent="Environment/Screen"]
anchor_right = 1.0
margin_top = 128.0
margin_bottom = 186.0
custom_fonts/font = ExtResource( 3 )
custom_colors/font_color_shadow = Color( 0, 0, 0, 1 )
custom_constants/shadow_as_outline = 1
align = 1

[node name="Timer" type="Label" parent="Environment/Screen"]
anchor_left = 0.5
anchor_right = 0.5
margin_left = -110.0
margin_top = 64.0
margin_right = 160.0
margin_bottom = 128.0
custom_fonts/font = ExtResource( 3 )
custom_colors/font_color_shadow = Color( 0, 0, 0, 1 )
custom_constants/shadow_as_outline = 1
text = "Timer: 50.0"

[node name="Player1" parent="." instance=ExtResource( 4 )]
transform = Transform( 1, 0, 0, 0, 1, 0, 0, 0, 1, 1.5, 0.2, 1 )

[node name="Player2" parent="." instance=ExtResource( 4 )]
transform = Transform( 1, 0, 0, 0, 1, 0, 0, 0, 1, 0.5, 0.2, 2 )

[node name="Player3" parent="." instance=ExtResource( 4 )]
transform = Transform( 1, 0, 0, 0, 1, 0, 0, 0, 1, -0.5, 0.2, 3 )

[node name="Player4" parent="." instance=ExtResource( 4 )]
transform = Transform( 1, 0, 0, 0, 1, 0, 0, 0, 1, -1.5, 0.2, 4 )

[node name="Ground" type="StaticBody" parent="."]

[node name="Plane" type="CollisionShape" parent="Ground"]
transform = Transform( 1, 0, 0, 0, 1, 0, 0, 0, 1, 0, -1, 6.5 )
shape = SubResource( 3 )

[node name="Mesh" parent="Ground" instance=ExtResource( 5 )]
transform = Transform( 1, 0, 0, 0, 1, 0, 0, 0, 1, 0, -1, 6.5 )

[node name="Cube" parent="Ground/Mesh" index="0"]
material/0 = SubResource( 4 )

[node name="Hurdle1" type="Spatial" parent="."]
transform = Transform( 1, 0, 0, 0, 1, 0, 0, 0, 1, 1.5, 0, 13 )

[node name="Hurdle2" type="Spatial" parent="."]
transform = Transform( 1, 0, 0, 0, 1, 0, 0, 0, 1, 0.5, 0, 14 )

[node name="Hurdle3" type="Spatial" parent="."]
transform = Transform( 1, 0, 0, 0, 1, 0, 0, 0, 1, -0.5, 0, 15 )

[node name="Hurdle4" type="Spatial" parent="."]
transform = Transform( 1, 0, 0, 0, 1, 0, 0, 0, 1, -1.5, 0, 16 )

[node name="Sun" type="DirectionalLight" parent="."]
transform = Transform( 0.642788, 0.627507, -0.439385, 0, 0.573576, 0.819152, 0.766044, -0.526541, 0.368688, -6, 4, 3 )
light_energy = 0.35
shadow_enabled = true

[editable path="Ground/Mesh"]
