[gd_scene load_steps=9 format=2]

[ext_resource path="res://assets/models/ghost/ghost.escn" type="PackedScene" id=1]
[ext_resource path="res://plugins/minigames/haunted_dreams/ghost.gd" type="Script" id=2]
[ext_resource path="res://assets/models/ghost/textures/jack-o-lantern_dif.png" type="Texture" id=3]
[ext_resource path="res://assets/models/ghost/textures/jack-o-lantern_glow.png" type="Texture" id=4]
[ext_resource path="res://assets/models/ghost/textures/jack-o-lantern_spec.png" type="Texture" id=5]
[ext_resource path="res://assets/models/ghost/textures/jack-o-lantern_nor.png" type="Texture" id=6]

[sub_resource type="SpatialMaterial" id=1]
params_diffuse_mode = 4
params_specular_mode = 4
albedo_texture = ExtResource( 3 )
metallic_texture = ExtResource( 5 )
emission_enabled = true
emission = Color( 0, 0, 0, 1 )
emission_energy = 1.0
emission_operator = 0
emission_on_uv2 = false
emission_texture = ExtResource( 4 )
normal_enabled = true
normal_scale = 1.0
normal_texture = ExtResource( 6 )

[sub_resource type="BoxShape" id=2]
extents = Vector3( 0.25, 0.5, 0.25 )

[node name="Scene Root" groups=[
"ghost",
] instance=ExtResource( 1 )]
script = ExtResource( 2 )

[node name="jack-o-lantern_medium" parent="Armature" index="1"]
material/0 = SubResource( 1 )

[node name="Area" type="Area" parent="." index="1"]

[node name="CollisionShape" type="CollisionShape" parent="Area" index="0"]
shape = SubResource( 2 )
[connection signal="area_entered" from="Area" to="." method="_on_Area_area_entered"]
[connection signal="body_entered" from="Area" to="." method="_on_Area_body_entered"]
