[gd_scene load_steps=27 format=2]

[ext_resource path="res://scenes/board_logic/controller/controller.gd" type="Script" id=1]
[ext_resource path="res://assets/defaults/default_theme.tres" type="Theme" id=2]
[ext_resource path="res://assets/fonts/title_font.tres" type="DynamicFont" id=3]
[ext_resource path="res://assets/fonts/Boogaloo-Regular.ttf" type="DynamicFontData" id=4]
[ext_resource path="res://scenes/board_logic/controller/icons/cookie.png" type="Texture" id=5]
[ext_resource path="res://scenes/board_logic/controller/icons/cake.png" type="Texture" id=6]
[ext_resource path="res://assets/fonts/button_font.tres" type="DynamicFont" id=7]
[ext_resource path="res://scenes/board_logic/controller/icons/splash_background.png" type="Texture" id=8]
[ext_resource path="res://scenes/board_logic/controller/debug.gd" type="Script" id=9]
[ext_resource path="res://scenes/menus/pause_menu.tscn" type="PackedScene" id=10]
[ext_resource path="res://scenes/board_logic/controller/minigameinformationscreen.tscn" type="PackedScene" id=12]
[ext_resource path="res://scenes/board_logic/controller/duelselection.tscn" type="PackedScene" id=13]
[ext_resource path="res://scenes/board_logic/controller/itemselection.tscn" type="PackedScene" id=14]
[ext_resource path="res://scenes/board_logic/controller/shop.tscn" type="PackedScene" id=15]
[ext_resource path="res://scenes/speech_dialog/speech_dialog.tscn" type="PackedScene" id=16]
[ext_resource path="res://scenes/board_logic/controller/selectspacehelper.tscn" type="PackedScene" id=17]

[sub_resource type="DynamicFont" id=1]
size = 60
font_data = ExtResource( 4 )

[sub_resource type="Animation" id=2]
length = 0.8
tracks/0/type = "value"
tracks/0/path = NodePath(".:rect_position")
tracks/0/interp = 2
tracks/0/loop_wrap = true
tracks/0/imported = false
tracks/0/enabled = true
tracks/0/keys = {
"times": PoolRealArray( 0, 0.8 ),
"transitions": PoolRealArray( 1, 1 ),
"update": 0,
"values": [ Vector2( 0, 0 ), Vector2( -1600, -2000 ) ]
}

[sub_resource type="Animation" id=3]
length = 0.5
tracks/0/type = "value"
tracks/0/path = NodePath(".:rect_position")
tracks/0/interp = 2
tracks/0/loop_wrap = true
tracks/0/imported = false
tracks/0/enabled = true
tracks/0/keys = {
"times": PoolRealArray( 0, 0.5 ),
"transitions": PoolRealArray( 1, 1 ),
"update": 0,
"values": [ Vector2( -1600, 2000 ), Vector2( 0, 0 ) ]
}

[sub_resource type="DynamicFont" id=4]
size = 100
use_mipmaps = true
use_filter = true
font_data = ExtResource( 4 )

[sub_resource type="Animation" id=5]
length = 3.0
tracks/0/type = "value"
tracks/0/path = NodePath("MinigameTypeAnimation/Root/Player1:rect_position")
tracks/0/interp = 1
tracks/0/loop_wrap = true
tracks/0/imported = false
tracks/0/enabled = true
tracks/0/keys = {
"times": PoolRealArray( 0, 0.5 ),
"transitions": PoolRealArray( 1, 1 ),
"update": 0,
"values": [ Vector2( -44, -44 ), Vector2( 84, -202 ) ]
}
tracks/1/type = "value"
tracks/1/path = NodePath("MinigameTypeAnimation/Root/Player2:rect_position")
tracks/1/interp = 1
tracks/1/loop_wrap = true
tracks/1/imported = false
tracks/1/enabled = true
tracks/1/keys = {
"times": PoolRealArray( 0, 0.5 ),
"transitions": PoolRealArray( 1, 1 ),
"update": 0,
"values": [ Vector2( -44, -44 ), Vector2( 124, -44 ) ]
}
tracks/2/type = "value"
tracks/2/path = NodePath("MinigameTypeAnimation/Root/Player3:rect_position")
tracks/2/interp = 1
tracks/2/loop_wrap = true
tracks/2/imported = false
tracks/2/enabled = true
tracks/2/keys = {
"times": PoolRealArray( 0, 0.5 ),
"transitions": PoolRealArray( 1, 1 ),
"update": 0,
"values": [ Vector2( -44, -44 ), Vector2( 84, 104 ) ]
}
tracks/3/type = "value"
tracks/3/path = NodePath("MinigameTypeAnimation/Root/Player4:rect_position")
tracks/3/interp = 1
tracks/3/loop_wrap = true
tracks/3/imported = false
tracks/3/enabled = true
tracks/3/keys = {
"times": PoolRealArray( 0, 0.5 ),
"transitions": PoolRealArray( 1, 1 ),
"update": 0,
"values": [ Vector2( -44, -44 ), Vector2( -172, -44 ) ]
}
tracks/4/type = "value"
tracks/4/path = NodePath("MinigameTypeAnimation/Root:visible")
tracks/4/interp = 1
tracks/4/loop_wrap = true
tracks/4/imported = false
tracks/4/enabled = true
tracks/4/keys = {
"times": PoolRealArray( 0, 3 ),
"transitions": PoolRealArray( 1, 1 ),
"update": 1,
"values": [ true, false ]
}
tracks/5/type = "value"
tracks/5/path = NodePath("MinigameTypeAnimation/Root:modulate")
tracks/5/interp = 1
tracks/5/loop_wrap = true
tracks/5/imported = false
tracks/5/enabled = true
tracks/5/keys = {
"times": PoolRealArray( 0, 0.5 ),
"transitions": PoolRealArray( 1, 1 ),
"update": 0,
"values": [ Color( 1, 1, 1, 0 ), Color( 1, 1, 1, 1 ) ]
}

[sub_resource type="Animation" id=6]
length = 3.0
tracks/0/type = "value"
tracks/0/path = NodePath("MinigameTypeAnimation/Root/Player1:rect_position")
tracks/0/interp = 1
tracks/0/loop_wrap = true
tracks/0/imported = false
tracks/0/enabled = true
tracks/0/keys = {
"times": PoolRealArray( 0, 0.5 ),
"transitions": PoolRealArray( 1, 1 ),
"update": 0,
"values": [ Vector2( -44, -44 ), Vector2( -172, -118 ) ]
}
tracks/1/type = "value"
tracks/1/path = NodePath("MinigameTypeAnimation/Root/Player2:rect_position")
tracks/1/interp = 1
tracks/1/loop_wrap = true
tracks/1/imported = false
tracks/1/enabled = true
tracks/1/keys = {
"times": PoolRealArray( 0, 0.5 ),
"transitions": PoolRealArray( 1, 1 ),
"update": 0,
"values": [ Vector2( -44, -44 ), Vector2( -172, 30 ) ]
}
tracks/2/type = "value"
tracks/2/path = NodePath("MinigameTypeAnimation/Root/Player3:rect_position")
tracks/2/interp = 1
tracks/2/loop_wrap = true
tracks/2/imported = false
tracks/2/enabled = true
tracks/2/keys = {
"times": PoolRealArray( 0, 0.5 ),
"transitions": PoolRealArray( 1, 1 ),
"update": 0,
"values": [ Vector2( -44, -44 ), Vector2( 84, -118 ) ]
}
tracks/3/type = "value"
tracks/3/path = NodePath("MinigameTypeAnimation/Root/Player4:rect_position")
tracks/3/interp = 1
tracks/3/loop_wrap = true
tracks/3/imported = false
tracks/3/enabled = true
tracks/3/keys = {
"times": PoolRealArray( 0, 0.5 ),
"transitions": PoolRealArray( 1, 1 ),
"update": 0,
"values": [ Vector2( -44, -44 ), Vector2( 84, 30 ) ]
}
tracks/4/type = "value"
tracks/4/path = NodePath("MinigameTypeAnimation/Root:visible")
tracks/4/interp = 1
tracks/4/loop_wrap = true
tracks/4/imported = false
tracks/4/enabled = true
tracks/4/keys = {
"times": PoolRealArray( 0, 3 ),
"transitions": PoolRealArray( 1, 1 ),
"update": 1,
"values": [ true, false ]
}
tracks/5/type = "value"
tracks/5/path = NodePath("MinigameTypeAnimation/Root:modulate")
tracks/5/interp = 1
tracks/5/loop_wrap = true
tracks/5/imported = false
tracks/5/enabled = true
tracks/5/keys = {
"times": PoolRealArray( 0, 0.5 ),
"transitions": PoolRealArray( 1, 1 ),
"update": 0,
"values": [ Color( 1, 1, 1, 0 ), Color( 1, 1, 1, 1 ) ]
}

[sub_resource type="Animation" id=7]
length = 3.0
tracks/0/type = "value"
tracks/0/path = NodePath("MinigameTypeAnimation/Root/Player1:rect_position")
tracks/0/interp = 1
tracks/0/loop_wrap = true
tracks/0/imported = false
tracks/0/enabled = true
tracks/0/keys = {
"times": PoolRealArray( 0, 0.5 ),
"transitions": PoolRealArray( 1, 1 ),
"update": 0,
"values": [ Vector2( -44, -44 ), Vector2( -172, -44 ) ]
}
tracks/1/type = "value"
tracks/1/path = NodePath("MinigameTypeAnimation/Root/Player2:rect_position")
tracks/1/interp = 1
tracks/1/loop_wrap = true
tracks/1/imported = false
tracks/1/enabled = true
tracks/1/keys = {
"times": PoolRealArray( 0, 0.5 ),
"transitions": PoolRealArray( 1, 1 ),
"update": 0,
"values": [ Vector2( -44, -44 ), Vector2( 84, -44 ) ]
}
tracks/2/type = "value"
tracks/2/path = NodePath("MinigameTypeAnimation/Root:visible")
tracks/2/interp = 1
tracks/2/loop_wrap = true
tracks/2/imported = false
tracks/2/enabled = true
tracks/2/keys = {
"times": PoolRealArray( 0, 3 ),
"transitions": PoolRealArray( 1, 1 ),
"update": 1,
"values": [ true, false ]
}
tracks/3/type = "value"
tracks/3/path = NodePath("MinigameTypeAnimation/Root:modulate")
tracks/3/interp = 1
tracks/3/loop_wrap = true
tracks/3/imported = false
tracks/3/enabled = true
tracks/3/keys = {
"times": PoolRealArray( 0, 0.5 ),
"transitions": PoolRealArray( 1, 1 ),
"update": 0,
"values": [ Color( 1, 1, 1, 0 ), Color( 1, 1, 1, 1 ) ]
}
tracks/4/type = "value"
tracks/4/path = NodePath("MinigameTypeAnimation/Root/Player3:visible")
tracks/4/interp = 1
tracks/4/loop_wrap = true
tracks/4/imported = false
tracks/4/enabled = true
tracks/4/keys = {
"times": PoolRealArray( 0, 3 ),
"transitions": PoolRealArray( 1, 1 ),
"update": 1,
"values": [ false, true ]
}
tracks/5/type = "value"
tracks/5/path = NodePath("MinigameTypeAnimation/Root/Player4:visible")
tracks/5/interp = 1
tracks/5/loop_wrap = true
tracks/5/imported = false
tracks/5/enabled = true
tracks/5/keys = {
"times": PoolRealArray( 0, 3 ),
"transitions": PoolRealArray( 1, 1 ),
"update": 1,
"values": [ false, true ]
}

[sub_resource type="Animation" id=8]
tracks/0/type = "value"
tracks/0/path = NodePath("MinigameTypeAnimation/Root/Player1:rect_position")
tracks/0/interp = 1
tracks/0/loop_wrap = true
tracks/0/imported = false
tracks/0/enabled = true
tracks/0/keys = {
"times": PoolRealArray( 0, 0.5 ),
"transitions": PoolRealArray( 1, 1 ),
"update": 0,
"values": [ Vector2( -44, -44 ), Vector2( -44, -172 ) ]
}
tracks/1/type = "value"
tracks/1/path = NodePath("MinigameTypeAnimation/Root/Player2:rect_position")
tracks/1/interp = 1
tracks/1/loop_wrap = true
tracks/1/imported = false
tracks/1/enabled = true
tracks/1/keys = {
"times": PoolRealArray( 0, 0.5 ),
"transitions": PoolRealArray( 1, 1 ),
"update": 0,
"values": [ Vector2( -44, -44 ), Vector2( 84, -44 ) ]
}
tracks/2/type = "value"
tracks/2/path = NodePath("MinigameTypeAnimation/Root/Player3:rect_position")
tracks/2/interp = 1
tracks/2/loop_wrap = true
tracks/2/imported = false
tracks/2/enabled = true
tracks/2/keys = {
"times": PoolRealArray( 0, 0.5 ),
"transitions": PoolRealArray( 1, 1 ),
"update": 0,
"values": [ Vector2( -44, -44 ), Vector2( -44, 84 ) ]
}
tracks/3/type = "value"
tracks/3/path = NodePath("MinigameTypeAnimation/Root/Player4:rect_position")
tracks/3/interp = 1
tracks/3/loop_wrap = true
tracks/3/imported = false
tracks/3/enabled = true
tracks/3/keys = {
"times": PoolRealArray( 0, 0.5 ),
"transitions": PoolRealArray( 1, 1 ),
"update": 0,
"values": [ Vector2( -44, -44 ), Vector2( -172, -44 ) ]
}
tracks/4/type = "value"
tracks/4/path = NodePath("MinigameTypeAnimation/Root:modulate")
tracks/4/interp = 1
tracks/4/loop_wrap = true
tracks/4/imported = false
tracks/4/enabled = true
tracks/4/keys = {
"times": PoolRealArray( 0, 0.5 ),
"transitions": PoolRealArray( 1, 1 ),
"update": 0,
"values": [ Color( 1, 1, 1, 0 ), Color( 1, 1, 1, 1 ) ]
}
tracks/5/type = "value"
tracks/5/path = NodePath("MinigameTypeAnimation/Root:visible")
tracks/5/interp = 1
tracks/5/loop_wrap = true
tracks/5/imported = false
tracks/5/enabled = true
tracks/5/keys = {
"times": PoolRealArray( 0, 1 ),
"transitions": PoolRealArray( 1, 1 ),
"update": 1,
"values": [ true, false ]
}

[sub_resource type="Animation" id=9]
resource_name = "show"
length = 3.25
tracks/0/type = "value"
tracks/0/path = NodePath(".:visible")
tracks/0/interp = 1
tracks/0/loop_wrap = true
tracks/0/imported = false
tracks/0/enabled = true
tracks/0/keys = {
"times": PoolRealArray( 0 ),
"transitions": PoolRealArray( 1 ),
"update": 1,
"values": [ true ]
}
tracks/1/type = "value"
tracks/1/path = NodePath("Content/Selection:rect_position")
tracks/1/interp = 1
tracks/1/loop_wrap = true
tracks/1/imported = false
tracks/1/enabled = true
tracks/1/keys = {
"times": PoolRealArray( 0, 1, 1.2 ),
"transitions": PoolRealArray( 1, 1, 1 ),
"update": 0,
"values": [ Vector2( 0, 0 ), Vector2( 0, 0 ), Vector2( 0, 33 ) ]
}

[sub_resource type="Animation" id=10]
resource_name = "show"
length = 3.25
tracks/0/type = "value"
tracks/0/path = NodePath(".:visible")
tracks/0/interp = 1
tracks/0/loop_wrap = true
tracks/0/imported = false
tracks/0/enabled = true
tracks/0/keys = {
"times": PoolRealArray( 0 ),
"transitions": PoolRealArray( 1 ),
"update": 1,
"values": [ true ]
}
tracks/1/type = "value"
tracks/1/path = NodePath("Content/Selection:rect_position")
tracks/1/interp = 1
tracks/1/loop_wrap = true
tracks/1/imported = false
tracks/1/enabled = true
tracks/1/keys = {
"times": PoolRealArray( 0, 1, 1.2 ),
"transitions": PoolRealArray( 1, 1, 1 ),
"update": 0,
"values": [ Vector2( 0, 0 ), Vector2( 0, 0 ), Vector2( 0, 33 ) ]
}

[node name="Controller" type="Spatial" groups=[
"Controller",
]]
pause_mode = 2
script = ExtResource( 1 )

[node name="Screen" type="Control" parent="."]
anchor_right = 1.0
anchor_bottom = 1.0
mouse_filter = 2
theme = ExtResource( 2 )
__meta__ = {
"_edit_use_anchors_": false
}

[node name="PlayerInfo1" type="VBoxContainer" parent="Screen"]
margin_right = 186.0
margin_bottom = 232.0

[node name="Name" type="HBoxContainer" parent="Screen/PlayerInfo1"]
margin_right = 186.0
margin_bottom = 72.0
custom_constants/separation = 20

[node name="Player" type="Label" parent="Screen/PlayerInfo1/Name"]
margin_top = 7.0
margin_right = 137.0
margin_bottom = 65.0
custom_fonts/font = ExtResource( 3 )
text = "Player 1"

[node name="Position" type="Label" parent="Screen/PlayerInfo1/Name"]
margin_left = 157.0
margin_right = 186.0
margin_bottom = 72.0
size_flags_vertical = 1
custom_fonts/font = SubResource( 1 )
text = "1"

[node name="Cookies" type="HBoxContainer" parent="Screen/PlayerInfo1"]
margin_top = 76.0
margin_right = 186.0
margin_bottom = 134.0

[node name="Image" type="TextureRect" parent="Screen/PlayerInfo1/Cookies"]
margin_right = 32.0
margin_bottom = 58.0
texture = ExtResource( 5 )
stretch_mode = 4

[node name="Amount" type="Label" parent="Screen/PlayerInfo1/Cookies"]
margin_left = 36.0
margin_right = 59.0
margin_bottom = 58.0
custom_fonts/font = ExtResource( 3 )
text = "0"

[node name="Cakes" type="HBoxContainer" parent="Screen/PlayerInfo1"]
margin_top = 138.0
margin_right = 186.0
margin_bottom = 196.0

[node name="Image" type="TextureRect" parent="Screen/PlayerInfo1/Cakes"]
margin_right = 30.0
margin_bottom = 58.0
texture = ExtResource( 6 )
stretch_mode = 4

[node name="Amount" type="Label" parent="Screen/PlayerInfo1/Cakes"]
margin_left = 34.0
margin_right = 57.0
margin_bottom = 58.0
custom_fonts/font = ExtResource( 3 )
text = "0"

[node name="Items" type="HBoxContainer" parent="Screen/PlayerInfo1"]
margin_top = 200.0
margin_right = 186.0
margin_bottom = 232.0

[node name="0" type="TextureRect" parent="Screen/PlayerInfo1/Items"]
margin_right = 32.0
margin_bottom = 32.0
rect_min_size = Vector2( 32, 32 )
expand = true

[node name="1" type="TextureRect" parent="Screen/PlayerInfo1/Items"]
margin_left = 36.0
margin_right = 68.0
margin_bottom = 32.0
rect_min_size = Vector2( 32, 32 )
expand = true

[node name="2" type="TextureRect" parent="Screen/PlayerInfo1/Items"]
margin_left = 72.0
margin_right = 104.0
margin_bottom = 32.0
rect_min_size = Vector2( 32, 32 )
expand = true

[node name="PlayerInfo2" type="VBoxContainer" parent="Screen"]
anchor_left = 1.0
anchor_right = 1.0
margin_left = -186.0
margin_bottom = 232.0
grow_horizontal = 0

[node name="Name" type="HBoxContainer" parent="Screen/PlayerInfo2"]
margin_right = 186.0
margin_bottom = 72.0
custom_constants/separation = 20

[node name="Position" type="Label" parent="Screen/PlayerInfo2/Name"]
margin_right = 29.0
margin_bottom = 72.0
size_flags_vertical = 1
custom_fonts/font = SubResource( 1 )
text = "2"

[node name="Player" type="Label" parent="Screen/PlayerInfo2/Name"]
margin_left = 49.0
margin_top = 7.0
margin_right = 186.0
margin_bottom = 65.0
custom_fonts/font = ExtResource( 3 )
text = "Player 2"
align = 2

[node name="Cookies" type="HBoxContainer" parent="Screen/PlayerInfo2"]
margin_top = 76.0
margin_right = 186.0
margin_bottom = 134.0
alignment = 2

[node name="Amount" type="Label" parent="Screen/PlayerInfo2/Cookies"]
margin_left = 127.0
margin_right = 150.0
margin_bottom = 58.0
custom_fonts/font = ExtResource( 3 )
text = "0"

[node name="Image" type="TextureRect" parent="Screen/PlayerInfo2/Cookies"]
margin_left = 154.0
margin_right = 186.0
margin_bottom = 58.0
texture = ExtResource( 5 )
stretch_mode = 4

[node name="Cakes" type="HBoxContainer" parent="Screen/PlayerInfo2"]
margin_top = 138.0
margin_right = 186.0
margin_bottom = 196.0
alignment = 2

[node name="Amount" type="Label" parent="Screen/PlayerInfo2/Cakes"]
margin_left = 129.0
margin_right = 152.0
margin_bottom = 58.0
custom_fonts/font = ExtResource( 3 )
text = "0"

[node name="Image" type="TextureRect" parent="Screen/PlayerInfo2/Cakes"]
margin_left = 156.0
margin_right = 186.0
margin_bottom = 58.0
texture = ExtResource( 6 )
stretch_mode = 4

[node name="Items" type="HBoxContainer" parent="Screen/PlayerInfo2"]
margin_top = 200.0
margin_right = 186.0
margin_bottom = 232.0

[node name="0" type="TextureRect" parent="Screen/PlayerInfo2/Items"]
margin_right = 32.0
margin_bottom = 32.0
rect_min_size = Vector2( 32, 32 )
expand = true

[node name="1" type="TextureRect" parent="Screen/PlayerInfo2/Items"]
margin_left = 36.0
margin_right = 68.0
margin_bottom = 32.0
rect_min_size = Vector2( 32, 32 )
expand = true

[node name="2" type="TextureRect" parent="Screen/PlayerInfo2/Items"]
margin_left = 72.0
margin_right = 104.0
margin_bottom = 32.0
rect_min_size = Vector2( 32, 32 )
expand = true

[node name="PlayerInfo3" type="VBoxContainer" parent="Screen"]
anchor_top = 1.0
anchor_bottom = 1.0
margin_top = -232.0
margin_right = 186.0
grow_vertical = 0
alignment = 2

[node name="Name" type="HBoxContainer" parent="Screen/PlayerInfo3"]
margin_right = 186.0
margin_bottom = 72.0
custom_constants/separation = 20

[node name="Player" type="Label" parent="Screen/PlayerInfo3/Name"]
margin_top = 7.0
margin_right = 137.0
margin_bottom = 65.0
custom_fonts/font = ExtResource( 3 )
text = "Player 3"

[node name="Position" type="Label" parent="Screen/PlayerInfo3/Name"]
margin_left = 157.0
margin_right = 186.0
margin_bottom = 72.0
size_flags_vertical = 1
custom_fonts/font = SubResource( 1 )
text = "3"
valign = 2

[node name="Cookies" type="HBoxContainer" parent="Screen/PlayerInfo3"]
margin_top = 76.0
margin_right = 186.0
margin_bottom = 134.0

[node name="Image" type="TextureRect" parent="Screen/PlayerInfo3/Cookies"]
margin_right = 32.0
margin_bottom = 58.0
texture = ExtResource( 5 )
stretch_mode = 4

[node name="Amount" type="Label" parent="Screen/PlayerInfo3/Cookies"]
margin_left = 36.0
margin_right = 59.0
margin_bottom = 58.0
custom_fonts/font = ExtResource( 3 )
text = "0"

[node name="Cakes" type="HBoxContainer" parent="Screen/PlayerInfo3"]
margin_top = 138.0
margin_right = 186.0
margin_bottom = 196.0

[node name="Image" type="TextureRect" parent="Screen/PlayerInfo3/Cakes"]
margin_right = 30.0
margin_bottom = 58.0
texture = ExtResource( 6 )
stretch_mode = 4

[node name="Amount" type="Label" parent="Screen/PlayerInfo3/Cakes"]
margin_left = 34.0
margin_right = 57.0
margin_bottom = 58.0
custom_fonts/font = ExtResource( 3 )
text = "0"

[node name="Items" type="HBoxContainer" parent="Screen/PlayerInfo3"]
margin_top = 200.0
margin_right = 186.0
margin_bottom = 232.0

[node name="0" type="TextureRect" parent="Screen/PlayerInfo3/Items"]
margin_right = 32.0
margin_bottom = 32.0
rect_min_size = Vector2( 32, 32 )
expand = true

[node name="1" type="TextureRect" parent="Screen/PlayerInfo3/Items"]
margin_left = 36.0
margin_right = 68.0
margin_bottom = 32.0
rect_min_size = Vector2( 32, 32 )
expand = true

[node name="2" type="TextureRect" parent="Screen/PlayerInfo3/Items"]
margin_left = 72.0
margin_right = 104.0
margin_bottom = 32.0
rect_min_size = Vector2( 32, 32 )
expand = true

[node name="PlayerInfo4" type="VBoxContainer" parent="Screen"]
anchor_left = 1.0
anchor_top = 1.0
anchor_right = 1.0
anchor_bottom = 1.0
margin_left = -186.0
margin_top = -232.0
grow_horizontal = 0
grow_vertical = 0
alignment = 2

[node name="Name" type="HBoxContainer" parent="Screen/PlayerInfo4"]
margin_right = 186.0
margin_bottom = 72.0
grow_vertical = 0
custom_constants/separation = 20

[node name="Position" type="Label" parent="Screen/PlayerInfo4/Name"]
margin_right = 29.0
margin_bottom = 72.0
size_flags_vertical = 1
custom_fonts/font = SubResource( 1 )
text = "4"
valign = 2

[node name="Player" type="Label" parent="Screen/PlayerInfo4/Name"]
margin_left = 49.0
margin_top = 7.0
margin_right = 186.0
margin_bottom = 65.0
custom_fonts/font = ExtResource( 3 )
text = "Player 4"
align = 2

[node name="Cookies" type="HBoxContainer" parent="Screen/PlayerInfo4"]
margin_top = 76.0
margin_right = 186.0
margin_bottom = 134.0
alignment = 2

[node name="Amount" type="Label" parent="Screen/PlayerInfo4/Cookies"]
margin_left = 127.0
margin_right = 150.0
margin_bottom = 58.0
custom_fonts/font = ExtResource( 3 )
text = "0"

[node name="Image" type="TextureRect" parent="Screen/PlayerInfo4/Cookies"]
margin_left = 154.0
margin_right = 186.0
margin_bottom = 58.0
texture = ExtResource( 5 )
stretch_mode = 4

[node name="Cakes" type="HBoxContainer" parent="Screen/PlayerInfo4"]
margin_top = 138.0
margin_right = 186.0
margin_bottom = 196.0
alignment = 2

[node name="Amount" type="Label" parent="Screen/PlayerInfo4/Cakes"]
margin_left = 129.0
margin_right = 152.0
margin_bottom = 58.0
custom_fonts/font = ExtResource( 3 )
text = "0"

[node name="Image" type="TextureRect" parent="Screen/PlayerInfo4/Cakes"]
margin_left = 156.0
margin_right = 186.0
margin_bottom = 58.0
texture = ExtResource( 6 )
stretch_mode = 4

[node name="Items" type="HBoxContainer" parent="Screen/PlayerInfo4"]
margin_top = 200.0
margin_right = 186.0
margin_bottom = 232.0

[node name="0" type="TextureRect" parent="Screen/PlayerInfo4/Items"]
margin_right = 32.0
margin_bottom = 32.0
rect_min_size = Vector2( 32, 32 )
expand = true

[node name="1" type="TextureRect" parent="Screen/PlayerInfo4/Items"]
margin_left = 36.0
margin_right = 68.0
margin_bottom = 32.0
rect_min_size = Vector2( 32, 32 )
expand = true

[node name="2" type="TextureRect" parent="Screen/PlayerInfo4/Items"]
margin_left = 72.0
margin_right = 104.0
margin_bottom = 32.0
rect_min_size = Vector2( 32, 32 )
expand = true

[node name="Dice" type="Label" parent="Screen"]
anchor_top = 1.0
anchor_right = 1.0
anchor_bottom = 1.0
margin_top = -96.0
custom_fonts/font = ExtResource( 7 )
text = "Roll Player 1!"
align = 1

[node name="Turn" type="Label" parent="Screen"]
anchor_right = 1.0
margin_top = 16.0
margin_bottom = 74.0
custom_fonts/font = ExtResource( 3 )
text = "Turn: 1"
align = 1

[node name="Stepcounter" type="Label" parent="Screen"]
anchor_right = 1.0
margin_top = 80.0
margin_bottom = 138.0
custom_fonts/font = ExtResource( 3 )
align = 1

[node name="Splash" type="AnimationPlayer" parent="Screen"]
root_node = NodePath("Background")
anims/hide = SubResource( 2 )
anims/show = SubResource( 3 )

[node name="Background" type="TextureRect" parent="Screen/Splash"]
anchor_right = 1.0
anchor_bottom = 1.0
margin_left = -1600.0
margin_top = 2000.0
margin_right = -1600.0
margin_bottom = 2000.0
mouse_filter = 2
texture = ExtResource( 8 )
stretch_mode = 4

[node name="Player" type="TextureRect" parent="Screen/Splash/Background"]
anchor_left = 0.5
anchor_top = 0.5
anchor_right = 0.5
anchor_bottom = 0.5
margin_left = 200.0
margin_top = -160.0
rect_min_size = Vector2( 256, 256 )
mouse_filter = 2
expand = true

[node name="Label" type="Label" parent="Screen/Splash/Background"]
anchor_left = 0.5
anchor_top = 0.5
anchor_right = 0.5
anchor_bottom = 0.5
margin_left = -300.0
margin_top = -32.0
margin_right = 256.0
custom_fonts/font = SubResource( 4 )
text = "CONTEXT_LABEL_YOUR_TURN"

[node name="Debug" type="WindowDialog" parent="Screen"]
margin_top = 20.0
margin_right = 512.0
margin_bottom = 256.0
window_title = "Debug"
script = ExtResource( 9 )

[node name="Row1" type="HBoxContainer" parent="Screen/Debug"]
anchor_right = 1.0
margin_bottom = 40.0

[node name="Skip" type="Button" parent="Screen/Debug/Row1"]
margin_right = 168.0
margin_bottom = 40.0
size_flags_horizontal = 3
custom_fonts/font = ExtResource( 7 )
text = "Skip to next turn"

[node name="AddCookies" type="Button" parent="Screen/Debug/Row1"]
margin_left = 172.0
margin_right = 340.0
margin_bottom = 40.0
size_flags_horizontal = 3
custom_fonts/font = ExtResource( 7 )
text = "Add cookies"

[node name="AddCake" type="Button" parent="Screen/Debug/Row1"]
margin_left = 344.0
margin_right = 512.0
margin_bottom = 40.0
size_flags_horizontal = 3
custom_fonts/font = ExtResource( 7 )
text = "Add cakes"

[node name="Row2" type="HBoxContainer" parent="Screen/Debug"]
anchor_right = 1.0
margin_top = 40.0
margin_bottom = 80.0

[node name="PlayersTurn" type="Button" parent="Screen/Debug/Row2"]
margin_right = 210.0
margin_bottom = 40.0
size_flags_horizontal = 3
custom_fonts/font = ExtResource( 7 )
text = "Go to players turn"

[node name="Minigame" type="Button" parent="Screen/Debug/Row2"]
margin_left = 214.0
margin_right = 424.0
margin_bottom = 40.0
size_flags_horizontal = 3
custom_fonts/font = ExtResource( 7 )
text = "Go to minigame"

[node name="Item" type="Button" parent="Screen/Debug/Row2"]
margin_left = 428.0
margin_right = 512.0
margin_bottom = 40.0
custom_fonts/font = ExtResource( 7 )
text = "Give item"

[node name="Row3" type="HBoxContainer" parent="Screen/Debug"]
anchor_right = 1.0
margin_top = 80.0
margin_bottom = 120.0

[node name="Move" type="Button" parent="Screen/Debug/Row3"]
margin_right = 512.0
margin_bottom = 40.0
size_flags_horizontal = 3
custom_fonts/font = ExtResource( 7 )
text = "Move"

[node name="List" type="WindowDialog" parent="Screen/Debug"]
margin_left = 354.0
margin_top = 130.0
margin_right = 986.0
margin_bottom = 530.0
window_title = "Debug list"

[node name="Players" type="VBoxContainer" parent="Screen/Debug/List"]
anchor_right = 1.0
anchor_bottom = 1.0

[node name="Minigames" type="VBoxContainer" parent="Screen/Debug/List"]
visible = false
anchor_right = 1.0
anchor_bottom = 1.0

[node name="TabContainer" type="TabContainer" parent="Screen/Debug/List/Minigames"]
margin_right = 632.0
margin_bottom = 403.0
tab_align = 0

[node name="Duel" type="ScrollContainer" parent="Screen/Debug/List/Minigames/TabContainer"]
anchor_right = 1.0
anchor_bottom = 1.0
margin_left = 8.0
margin_top = 47.0
margin_right = -8.0
margin_bottom = -8.0
rect_min_size = Vector2( 0, 350 )
scroll_horizontal_enabled = false

[node name="VBoxContainer" type="VBoxContainer" parent="Screen/Debug/List/Minigames/TabContainer/Duel"]
margin_right = 600.0
rect_min_size = Vector2( 600, 0 )

[node name="1v3" type="ScrollContainer" parent="Screen/Debug/List/Minigames/TabContainer"]
visible = false
anchor_right = 1.0
anchor_bottom = 1.0
margin_left = 8.0
margin_top = 47.0
margin_right = -8.0
margin_bottom = -8.0
rect_min_size = Vector2( 0, 350 )
scroll_horizontal_enabled = false

[node name="VBoxContainer" type="VBoxContainer" parent="Screen/Debug/List/Minigames/TabContainer/1v3"]
margin_right = 600.0
rect_min_size = Vector2( 600, 0 )

[node name="2v2" type="ScrollContainer" parent="Screen/Debug/List/Minigames/TabContainer"]
visible = false
anchor_right = 1.0
anchor_bottom = 1.0
margin_left = 8.0
margin_top = 47.0
margin_right = -8.0
margin_bottom = -8.0
rect_min_size = Vector2( 0, 350 )
scroll_horizontal_enabled = false

[node name="VBoxContainer" type="VBoxContainer" parent="Screen/Debug/List/Minigames/TabContainer/2v2"]
margin_right = 600.0
rect_min_size = Vector2( 600, 0 )

[node name="FFA" type="ScrollContainer" parent="Screen/Debug/List/Minigames/TabContainer"]
visible = false
anchor_right = 1.0
anchor_bottom = 1.0
margin_left = 8.0
margin_top = 47.0
margin_right = -8.0
margin_bottom = -8.0
rect_min_size = Vector2( 0, 350 )
scroll_horizontal_enabled = false

[node name="VBoxContainer" type="VBoxContainer" parent="Screen/Debug/List/Minigames/TabContainer/FFA"]
margin_right = 600.0
rect_min_size = Vector2( 600, 0 )

[node name="NolokSolo" type="ScrollContainer" parent="Screen/Debug/List/Minigames/TabContainer"]
visible = false
anchor_right = 1.0
anchor_bottom = 1.0
margin_left = 8.0
margin_top = 47.0
margin_right = -8.0
margin_bottom = -8.0
rect_min_size = Vector2( 0, 350 )
scroll_horizontal_enabled = false

[node name="VBoxContainer" type="VBoxContainer" parent="Screen/Debug/List/Minigames/TabContainer/NolokSolo"]
margin_right = 600.0
rect_min_size = Vector2( 600, 0 )

[node name="NolokCoop" type="ScrollContainer" parent="Screen/Debug/List/Minigames/TabContainer"]
visible = false
anchor_right = 1.0
anchor_bottom = 1.0
margin_left = 8.0
margin_top = 47.0
margin_right = -8.0
margin_bottom = -8.0
rect_min_size = Vector2( 0, 350 )
scroll_horizontal_enabled = false

[node name="VBoxContainer" type="VBoxContainer" parent="Screen/Debug/List/Minigames/TabContainer/NolokCoop"]
margin_right = 600.0
rect_min_size = Vector2( 600, 0 )

[node name="GnuSolo" type="ScrollContainer" parent="Screen/Debug/List/Minigames/TabContainer"]
visible = false
anchor_right = 1.0
anchor_bottom = 1.0
margin_left = 8.0
margin_top = 47.0
margin_right = -8.0
margin_bottom = -8.0
rect_min_size = Vector2( 0, 350 )
scroll_horizontal_enabled = false

[node name="VBoxContainer" type="VBoxContainer" parent="Screen/Debug/List/Minigames/TabContainer/GnuSolo"]
margin_right = 600.0
rect_min_size = Vector2( 600, 0 )

[node name="GnuCoop" type="ScrollContainer" parent="Screen/Debug/List/Minigames/TabContainer"]
visible = false
anchor_right = 1.0
anchor_bottom = 1.0
margin_left = 8.0
margin_top = 47.0
margin_right = -8.0
margin_bottom = -8.0
rect_min_size = Vector2( 0, 350 )
scroll_horizontal_enabled = false

[node name="VBoxContainer" type="VBoxContainer" parent="Screen/Debug/List/Minigames/TabContainer/GnuCoop"]
margin_right = 600.0
rect_min_size = Vector2( 600, 0 )

[node name="Items" type="VBoxContainer" parent="Screen/Debug/List"]
visible = false
anchor_right = 1.0

[node name="Inputs" type="VBoxContainer" parent="Screen/Debug/List"]
visible = false
anchor_right = 1.0

[node name="Label" type="Label" parent="Screen/Debug/List/Inputs"]
margin_right = 632.0
margin_bottom = 29.0
text = "Enter the number of spaces you want to move"

[node name="Number" type="SpinBox" parent="Screen/Debug/List/Inputs"]
margin_top = 33.0
margin_right = 632.0
margin_bottom = 70.0
rounded = true

[node name="Ok" type="Button" parent="Screen/Debug/List/Inputs"]
margin_top = 74.0
margin_right = 632.0
margin_bottom = 107.0
text = "Ok"

[node name="PauseMenu" parent="Screen" instance=ExtResource( 10 )]
can_save_game = true

[node name="MinigameTypeAnimation" type="AnimationPlayer" parent="Screen"]
anims/1v3 = SubResource( 5 )
anims/2v2 = SubResource( 6 )
anims/Duel = SubResource( 7 )
anims/FFA = SubResource( 8 )

[node name="Root" type="Control" parent="Screen/MinigameTypeAnimation"]
modulate = Color( 1, 1, 1, 0 )
anchor_left = 0.5
anchor_top = 0.5
anchor_right = 0.5
anchor_bottom = 0.5
margin_left = -20.0
margin_top = -20.0
margin_right = 20.0
margin_bottom = 20.0

[node name="Player1" type="TextureRect" parent="Screen/MinigameTypeAnimation/Root"]
anchor_left = 0.5
anchor_top = 0.5
anchor_right = 0.5
anchor_bottom = 0.5
margin_left = -64.0
margin_top = -64.0
margin_right = 64.0
margin_bottom = 64.0
expand = true
stretch_mode = 6

[node name="Player2" type="TextureRect" parent="Screen/MinigameTypeAnimation/Root"]
anchor_left = 0.5
anchor_top = 0.5
anchor_right = 0.5
anchor_bottom = 0.5
margin_left = -64.0
margin_top = -64.0
margin_right = 64.0
margin_bottom = 64.0
expand = true
stretch_mode = 6

[node name="Player3" type="TextureRect" parent="Screen/MinigameTypeAnimation/Root"]
anchor_left = 0.5
anchor_top = 0.5
anchor_right = 0.5
anchor_bottom = 0.5
margin_left = -64.0
margin_top = -64.0
margin_right = 64.0
margin_bottom = 64.0
expand = true
stretch_mode = 6

[node name="Player4" type="TextureRect" parent="Screen/MinigameTypeAnimation/Root"]
anchor_left = 0.5
anchor_top = 0.5
anchor_right = 0.5
anchor_bottom = 0.5
margin_left = -64.0
margin_top = -64.0
margin_right = 64.0
margin_bottom = 64.0
expand = true
stretch_mode = 6

[node name="VS" type="Label" parent="Screen/MinigameTypeAnimation/Root"]
anchor_left = 0.5
anchor_top = 0.5
anchor_right = 0.5
anchor_bottom = 0.5
margin_left = -23.0
margin_top = -29.0
margin_right = 23.0
margin_bottom = 29.0
custom_fonts/font = ExtResource( 3 )
custom_colors/font_color = Color( 1, 0, 0, 1 )
custom_colors/font_color_shadow = Color( 0, 0, 0, 1 )
custom_constants/shadow_as_outline = 1
text = "CONTEXT_LABEL_VS"

[node name="Roll" type="Button" parent="Screen"]
visible = false
anchor_left = 0.5
anchor_top = 1.0
anchor_right = 0.5
anchor_bottom = 1.0
margin_left = -64.0
margin_top = -48.0
margin_right = 140.0
margin_bottom = -8.0
focus_mode = 0
custom_fonts/font = ExtResource( 7 )
enabled_focus_mode = 0
text = "CONTEXT_LABEL_ROLL"

[node name="MinigameInformation" parent="Screen" instance=ExtResource( 12 )]

[node name="DuelSelection" parent="Screen" instance=ExtResource( 13 )]

[node name="ItemSelection" parent="Screen" instance=ExtResource( 14 )]

[node name="DuelReward" type="Control" parent="Screen"]
visible = false
anchor_right = 1.0
anchor_bottom = 1.0

[node name="Title" type="Label" parent="Screen/DuelReward"]
anchor_left = 0.5
anchor_top = 0.5
anchor_right = 0.5
anchor_bottom = 0.5
margin_left = -104.0
margin_top = -104.0
margin_right = 103.0
margin_bottom = -46.0
custom_fonts/font = ExtResource( 3 )
text = "CONTEXT_LABEL_DUEL_REWARD"

[node name="Value" type="Label" parent="Screen/DuelReward"]
anchor_top = 0.5
anchor_right = 1.0
anchor_bottom = 0.5
margin_top = -29.0
margin_bottom = 29.0
custom_fonts/font = ExtResource( 3 )
align = 1

[node name="GNUSelection" type="ColorRect" parent="Screen"]
visible = false
anchor_left = 0.5
anchor_top = 0.5
anchor_right = 0.5
anchor_bottom = 0.5
margin_left = -150.0
margin_top = -36.5
margin_right = 150.0
margin_bottom = 36.5
color = Color( 0.521569, 0, 0, 1 )

[node name="Content" type="Control" parent="Screen/GNUSelection"]
anchor_left = 0.5
anchor_top = 0.5
anchor_right = 0.5
anchor_bottom = 0.5
margin_left = -150.0
margin_top = -36.5
margin_right = 150.0
margin_bottom = 36.5

[node name="Title" type="Label" parent="Screen/GNUSelection/Content"]
margin_right = 300.0
margin_bottom = 29.0
text = "CONTEXT_GNU_ACTION_TYPE"
align = 1

[node name="ColorRect" type="ColorRect" parent="Screen/GNUSelection/Content/Title"]
show_behind_parent = true
anchor_right = 1.0
anchor_bottom = 1.0
color = Color( 0.396078, 0, 0, 1 )

[node name="Selection" type="Label" parent="Screen/GNUSelection/Content"]
show_behind_parent = true
margin_right = 300.0
margin_bottom = 40.0
rect_min_size = Vector2( 0, 40 )
text = "TEST"
align = 1
clip_text = true

[node name="AnimationPlayer" type="AnimationPlayer" parent="Screen/GNUSelection"]
anims/show = SubResource( 9 )

[node name="NolokSelection" type="ColorRect" parent="Screen"]
visible = false
anchor_left = 0.5
anchor_top = 0.5
anchor_right = 0.5
anchor_bottom = 0.5
margin_left = -150.0
margin_top = -36.5
margin_right = 150.0
margin_bottom = 36.5
color = Color( 0.521569, 0, 0, 1 )

[node name="Content" type="Control" parent="Screen/NolokSelection"]
anchor_left = 0.5
anchor_top = 0.5
anchor_right = 0.5
anchor_bottom = 0.5
margin_left = -150.0
margin_top = -36.5
margin_right = 150.0
margin_bottom = 36.5

[node name="Title" type="Label" parent="Screen/NolokSelection/Content"]
margin_right = 300.0
margin_bottom = 29.0
text = "CONTEXT_NOLOK_ACTION_TYPE"
align = 1

[node name="ColorRect" type="ColorRect" parent="Screen/NolokSelection/Content/Title"]
show_behind_parent = true
anchor_right = 1.0
anchor_bottom = 1.0
color = Color( 0.396078, 0, 0, 1 )

[node name="Selection" type="Label" parent="Screen/NolokSelection/Content"]
show_behind_parent = true
margin_right = 300.0
margin_bottom = 40.0
rect_min_size = Vector2( 0, 40 )
text = "TEST"
align = 1
clip_text = true

[node name="AnimationPlayer" type="AnimationPlayer" parent="Screen/NolokSelection"]
anims/show = SubResource( 10 )

[node name="Shop" parent="Screen" instance=ExtResource( 15 )]

[node name="SpeechDialog" parent="Screen" instance=ExtResource( 16 )]
visible = false

[node name="Camera" type="Camera" parent="."]
transform = Transform( 1, 0, 0, 0, 0.707107, 0.707107, 0, -0.707107, 0.707107, 0, 4, 4 )
current = true

[node name="SelectSpaceHelper" parent="." instance=ExtResource( 17 )]
[connection signal="pressed" from="Screen/Debug/Row1/Skip" to="Screen/Debug" method="_on_Skip_pressed"]
[connection signal="pressed" from="Screen/Debug/Row1/AddCookies" to="Screen/Debug" method="_on_AddCookies_pressed"]
[connection signal="pressed" from="Screen/Debug/Row1/AddCake" to="Screen/Debug" method="_on_AddCake_pressed"]
[connection signal="pressed" from="Screen/Debug/Row2/PlayersTurn" to="Screen/Debug" method="_on_PlayersTurn_pressed"]
[connection signal="pressed" from="Screen/Debug/Row2/Minigame" to="Screen/Debug" method="_on_Minigame_pressed"]
[connection signal="pressed" from="Screen/Debug/Row2/Item" to="Screen/Debug" method="_on_Item_pressed"]
[connection signal="pressed" from="Screen/Debug/Row3/Move" to="Screen/Debug" method="_on_Move_pressed"]
[connection signal="pressed" from="Screen/Debug/List/Inputs/Ok" to="Screen/Debug" method="_on_Ok_pressed"]
[connection signal="pressed" from="Screen/Roll" to="." method="_on_Roll_pressed"]
