[gd_scene load_steps=10 format=2]

[ext_resource path="res://plugins/minigames/dungeon_parkour/fireball.gd" type="Script" id=1]
[ext_resource path="res://assets/textures/fire.png" type="Texture" id=2]

[sub_resource type="Gradient" id=1]
colors = PoolColorArray( 1, 1, 1, 1, 1, 1, 1, 0 )

[sub_resource type="GradientTexture" id=2]
gradient = SubResource( 1 )

[sub_resource type="ParticlesMaterial" id=3]
emission_shape = 1
emission_sphere_radius = 0.25
spread = 0.0
gravity = Vector3( 0, 0, 0 )
initial_velocity = -10.0
angular_velocity = -3.17559e-22
linear_accel = -10.0
radial_accel = -20.0
color_ramp = SubResource( 2 )

[sub_resource type="SpatialMaterial" id=4]
flags_transparent = true
vertex_color_use_as_albedo = true
params_diffuse_mode = 4
params_specular_mode = 4
params_blend_mode = 1
params_billboard_mode = 1
albedo_color = Color( 1, 0.521569, 0, 1 )
albedo_texture = ExtResource( 2 )

[sub_resource type="QuadMesh" id=5]
material = SubResource( 4 )

[sub_resource type="ParticlesMaterial" id=6]
emission_shape = 1
emission_sphere_radius = 0.25
spread = 0.0
gravity = Vector3( 0, 0, 0 )

[sub_resource type="SphereShape" id=7]
radius = 0.5

[node name="Fireball" type="Spatial"]
transform = Transform( -4.37114e-08, 0, -1, 0, 1, 0, 1, 0, -4.37114e-08, 0, 0, 0 )
script = ExtResource( 1 )

[node name="Particles" type="Particles" parent="."]
amount = 200
lifetime = 0.25
randomness = 1.0
process_material = SubResource( 3 )
draw_pass_1 = SubResource( 5 )

[node name="Particles2" type="Particles" parent="."]
amount = 100
lifetime = 0.1
preprocess = 100.0
process_material = SubResource( 6 )
draw_pass_1 = SubResource( 5 )

[node name="Area" type="Area" parent="."]

[node name="CollisionShape" type="CollisionShape" parent="Area"]
shape = SubResource( 7 )
[connection signal="body_entered" from="Area" to="." method="_on_Area_body_entered"]
