[gd_scene load_steps=17 format=2]

[ext_resource path="res://plugins/minigames/kernel_compiling/player_kernel_compiling.gd" type="Script" id=1]
[ext_resource path="res://plugins/minigames/kernel_compiling/battery/battery.tscn" type="PackedScene" id=2]
[ext_resource path="res://assets/models/screen/screen.escn" type="PackedScene" id=3]
[ext_resource path="res://scenes/control_view/control_view.tscn" type="PackedScene" id=4]
[ext_resource path="res://plugins/minigames/kernel_compiling/panel.escn" type="PackedScene" id=5]
[ext_resource path="res://plugins/minigames/kernel_compiling/[4K]Plastic04/Plastic04_col.jpg" type="Texture" id=6]
[ext_resource path="res://plugins/minigames/kernel_compiling/[4K]Plastic04/Plastic04_nrm.jpg" type="Texture" id=7]
[ext_resource path="res://plugins/minigames/kernel_compiling/[4K]Plastic04/Plastic04_rgh.jpg" type="Texture" id=8]
[ext_resource path="res://plugins/minigames/kernel_compiling/[4K]Plastic04/Plastic04_disp.jpg" type="Texture" id=9]
[ext_resource path="res://plugins/minigames/kernel_compiling/[4K]Paint01/Paint01_col.jpg" type="Texture" id=10]
[ext_resource path="res://plugins/minigames/kernel_compiling/[4K]Paint01/Paint01_AO.jpg" type="Texture" id=11]
[ext_resource path="res://plugins/minigames/kernel_compiling/[4K]Paint01/Paint01_nrm.jpg" type="Texture" id=12]
[ext_resource path="res://plugins/minigames/kernel_compiling/[4K]Paint01/Paint01_rgh.jpg" type="Texture" id=13]
[ext_resource path="res://plugins/minigames/kernel_compiling/[4K]Paint01/Paint01_disp.jpg" type="Texture" id=14]

[sub_resource type="SpatialMaterial" id=1]
albedo_texture = ExtResource( 6 )
roughness_texture = ExtResource( 8 )
normal_enabled = true
normal_scale = 1.0
normal_texture = ExtResource( 7 )
transmission_enabled = true
transmission = Color( 0, 0, 0, 1 )
transmission_texture = ExtResource( 9 )

[sub_resource type="SpatialMaterial" id=2]
albedo_texture = ExtResource( 10 )
roughness_texture = ExtResource( 13 )
normal_enabled = true
normal_scale = 1.0
normal_texture = ExtResource( 12 )
ao_enabled = true
ao_light_affect = 0.0
ao_texture = ExtResource( 11 )
ao_on_uv2 = false
ao_texture_channel = 0
transmission_enabled = true
transmission = Color( 0, 0, 0, 1 )
transmission_texture = ExtResource( 14 )

[node name="Player" type="Spatial" groups=[
"players",
]]
script = ExtResource( 1 )

[node name="Model" type="Spatial" parent="."]
transform = Transform( -1, 0, -8.74228e-08, 0, 1, 0, 8.74228e-08, 0, -1, 0, 0, 0 )

[node name="PenalityTimer" type="Timer" parent="."]
wait_time = 0.5
one_shot = true

[node name="Battery" parent="." instance=ExtResource( 2 )]
transform = Transform( 1, 0, 0, 0, 1, 0, 0, 0, 1, 0, 0.15, 1 )

[node name="Screen" parent="." instance=ExtResource( 3 )]
transform = Transform( 0.25, 0, 0, 0, 0.25, 0, 0, 0, 0.25, 0, 1.38, -1 )

[node name="ControlView" parent="Screen" instance=ExtResource( 4 )]
transform = Transform( 1, 0, 0, 0, -4.37114e-08, -1, 0, 1, -4.37114e-08, 0, 0, 0.1 )

[node name="Scene Root" parent="." instance=ExtResource( 5 )]
transform = Transform( 0.5, 0, 0, 0, 0.5, 0, 0, 0, 0.5, 0, 0.5, -0.475 )

[node name="Cube" parent="Scene Root" index="0"]
material/0 = SubResource( 1 )
material/1 = SubResource( 2 )

[connection signal="timeout" from="PenalityTimer" to="." method="_on_PenalityTimer_timeout"]

[editable path="Scene Root"]
